
@article{sibbett_walnut_1974,
	title = {Walnut quality and value maximized by harvest management},
	volume = {28},
	url = {http://calag.ucanr.edu/archive/?article=ca.v028n07p15&sharebar=share},
	number = {7},
	urldate = {2017-03-12},
	journal = {California Agriculture},
	author = {Sibbett, G. and Hendricks, L. and Carnill, G. and Olson, W. and Jeter, R. and Ramos, D. and Martin, G. and Davis, C. and {others}},
	year = {1974},
	pages = {15--17},
	file = {Snapshot:/Users/echellwig/Library/Application Support/Zotero/Profiles/dq91q2d7.default/zotero/storage/3PJB5CVM/archive.html:text/html}
}