
@Book{,
  title = {{D}ifferential {E}volution - A Practical Approach to Global Optimization},
  author = {Kenneth V. Price and Rainer M. Storn and Jouni A. Lampinen},
  publisher = {Springer-Verlag},
  series = {Natural Computing},
  month = {January},
  year = {2006},
  note = {ISBN 540209506},
}

@Manual{,
  title = {{DEoptim}: Differential Evolution in {R}},
  author = {David Ardia and Katharine M. Mullen and Brian G. Peterson and Joshua Ulrich},
  year = {2015},
  note = {version 2.2-3},
  url = {http://CRAN.R-project.org/package=DEoptim},
}
