

@article{yang1995,
	title = {Mathematical formulae for calculating the base temperature for growing degree days},
	volume = {74},
	url = {http://www.sciencedirect.com/science/article/pii/016819239402185M},
	number = {1},
	urldate = {2016-06-07},
	journal = {Agricultural and Forest Meteorology},
	author = {Yang, Senshan and Logan, Joanne and Coffey, David L.},
	year = {1995},
	pages = {61--74},
	file = {Snapshot:/Users/echellwig/Library/Application Support/Zotero/Profiles/dq91q2d7.default/zotero/storage/5IF4QM5R/016819239402185M.html:text/html}
}

@book{r2015,
	address = {Vienna, Austria},
	title = {R: {A} {Language} and {Environment} for {Statistical} {Computing}},
	url = {https://www.R-project.org/},
	publisher = {R Foundation for Statistical Computing},
	author = {{R Core Team}},
	year = {2015}
}

@article{crepinsek2006,
	title = {Modelling of weather variability effect on fitophenology},
	volume = {194},
	url = {http://www.sciencedirect.com/science/article/pii/S0304380005005235},
	number = {1},
	urldate = {2016-05-31},
	journal = {Ecological Modelling},
	author = {{\u C}repin{\u s}ek, Zalika and Kajfe{\u z}-Bogataj, Lu{\u c}ka and Bergant, Klemen},
	year = {2006},
	pages = {256--265},
	file = {[PDF] from ijs.si:/Users/echellwig/Library/Application Support/Zotero/Profiles/dq91q2d7.default/zotero/storage/T3BPU5CR/Črepinšek et al. - 2006 - Modelling of weather variability effect on fitophe.pdf:application/pdf;Snapshot:/Users/echellwig/Library/Application Support/Zotero/Profiles/dq91q2d7.default/zotero/storage/6227TTZS/S0304380005005235.html:text/html}
}

@article{ruml2011,
	title = {Predicting apricot phenology using meteorological data},
	volume = {55},
	url = {http://link.springer.com/article/10.1007/s00484-010-0387-0},
	number = {5},
	urldate = {2016-05-31},
	journal = {International journal of biometeorology},
	author = {Ruml, Mirjana and Milatović, Dragan and Vulić, Todor and Vuković, Ana},
	year = {2011},
	pages = {723--732},
	file = {[HTML] from springer.com:/Users/echellwig/Library/Application Support/Zotero/Profiles/dq91q2d7.default/zotero/storage/6VXDMEV4/fulltext.html:text/html;Snapshot:/Users/echellwig/Library/Application Support/Zotero/Profiles/dq91q2d7.default/zotero/storage/MJPBS2CA/s00484-010-0387-0.html:text/html}
}

@article{tombesi2010,
	title = {Fruit development in almond is influenced by early {Spring} temperatures in {California}},
	volume = {85},
	url = {http://www.tandfonline.com/doi/abs/10.1080/14620316.2010.11512674},
	number = {4},
	urldate = {2016-05-31},
	journal = {The Journal of Horticultural Science and Biotechnology},
	author = {Tombesi, S. and Scalia, R. and Connell, J. and Lampinen, B. and DeJong, T. M.},
	year = {2010},
	pages = {317--322},
	file = {[PDF] from tandfonline.com:/Users/echellwig/Library/Application Support/Zotero/Profiles/dq91q2d7.default/zotero/storage/33HS39HZ/Tombesi et al. - 2010 - Fruit development in almond is influenced by early.pdf:application/pdf;Snapshot:/Users/echellwig/Library/Application Support/Zotero/Profiles/dq91q2d7.default/zotero/storage/UI2WZS83/14620316.2010.html:text/html}
}

@article{schaber2003,
	title = {Physiology-based phenology models for forest tree species in {Germany}},
	volume = {47},
	url = {http://link.springer.com/article/10.1007/s00484-003-0171-5},
	number = {4},
	urldate = {2016-05-31},
	journal = {International Journal of Biometeorology},
	author = {Schaber, Jörg and Badeck, Franz-W.},
	year = {2003},
	pages = {193--201},
	file = {[HTML] from springer.com:/Users/echellwig/Library/Application Support/Zotero/Profiles/dq91q2d7.default/zotero/storage/DMRXU5KB/fulltext.html:text/html;Snapshot:/Users/echellwig/Library/Application Support/Zotero/Profiles/dq91q2d7.default/zotero/storage/4WUU68BA/s00484-003-0171-5.html:text/html}
}

@inproceedings{mimoun1998,
	title = {Using the relation between growing degree hours and harvest date to estimate run-times for peach: a tree growth and yield simulation model},
	shorttitle = {Using the relation between growing degree hours and harvest date to estimate run-times for peach},
	url = {http://www.actahort.org/books/499/499_10.htm},
	urldate = {2016-05-31},
	booktitle = {V {International} {Symposium} on {Computer} {Modelling} in {Fruit} {Research} and {Orchard} {Management} 499},
	author = {Mimoun, B. and DeJong, T. M.},
	year = {1998},
	pages = {107--114},
	file = {[PDF] from ucdavis.edu:/Users/echellwig/Library/Application Support/Zotero/Profiles/dq91q2d7.default/zotero/storage/XEI9AAJK/Ben Mimoun and DeJong - 1998 - Using the relation between growing degree hours an.pdf:application/pdf;Snapshot:/Users/echellwig/Library/Application Support/Zotero/Profiles/dq91q2d7.default/zotero/storage/ZVPNJ2AG/499_10.html:text/html}
}

@inproceedings{marra2001,
	title = {Thermal time requirement and harvest time forecast for peach cultivars with different fruit development periods},
	url = {http://www.actahort.org/books/592/592_70.htm},
	urldate = {2016-05-31},
	booktitle = {V {International} {Peach} {Symposium} 592},
	author = {Marra, F. P. and Inglese, P. and DeJong, T. M. and Johnson, R. S.},
	year = {2001},
	pages = {523--529},
	file = {[PDF] from ucdavis.edu:/Users/echellwig/Library/Application Support/Zotero/Profiles/dq91q2d7.default/zotero/storage/XPMHJCEK/Marra et al. - 2001 - Thermal time requirement and harvest time forecast.pdf:application/pdf;Snapshot:/Users/echellwig/Library/Application Support/Zotero/Profiles/dq91q2d7.default/zotero/storage/DBKQ38WF/592_70.html:text/html}
}

@inproceedings{anderson1985,
	title = {Validation of chill unit and flower bud phenology models for'{Montmorency}'sour cherry},
	url = {http://www.actahort.org/books/184/184_7.htm},
	urldate = {2016-05-31},
	booktitle = {I {International} {Symposium} on {Computer} {Modelling} in {Fruit} {Research} and {Orchard} {Management} 184},
	author = {Anderson, J. L. and Richardson, E. A. and Kesner, C. D.},
	year = {1985},
	pages = {71--78},
	file = {[PDF] from ucdavis.edu:/Users/echellwig/Library/Application Support/Zotero/Profiles/dq91q2d7.default/zotero/storage/MJDE4IU3/Anderson et al. - 1985 - Validation of chill unit and flower bud phenology .pdf:application/pdf;Snapshot:/Users/echellwig/Library/Application Support/Zotero/Profiles/dq91q2d7.default/zotero/storage/JNMWX6DN/184_7.html:text/html}
}

@inproceedings{debuse2008,
	title = {Using {Spring} {Weather} {Data} to {Predict} {Harvest} {Date} for'{Improved} {French}'{Prune}},
	url = {http://www.actahort.org/books/874/874_13.htm},
	urldate = {2016-05-31},
	booktitle = {{IX} {International} {Symposium} on {Plum} and {Prune} {Genetics}, {Breeding} and {Pomology} 874},
	author = {DeBuse, C. and Lopez, G. and DeJong, T.},
	year = {2008},
	pages = {107--112},
	file = {Snapshot:/Users/echellwig/Library/Application Support/Zotero/Profiles/dq91q2d7.default/zotero/storage/S4NZ8BAD/874_13.html:text/html}
}

@inproceedings{day2007,
	title = {Using growing degree hours accumulated thirty days after bloom to predict peach and nectarine harvest date},
	url = {http://www.actahort.org/books/803/803_20.htm},
	urldate = {2016-05-31},
	booktitle = {{VIII} {International} {Symposium} on {Modelling} in {Fruit} {Research} and {Orchard} {Management} 803},
	author = {Day, K. and Lopez, G. and DeJong, T.},
	year = {2007},
	pages = {163--167},
	file = {[PDF] from ucdavis.edu:/Users/echellwig/Library/Application Support/Zotero/Profiles/dq91q2d7.default/zotero/storage/A5AUHM3I/Day et al. - 2007 - Using growing degree hours accumulated thirty days.pdf:application/pdf;Snapshot:/Users/echellwig/Library/Application Support/Zotero/Profiles/dq91q2d7.default/zotero/storage/9GUDGDVR/803_20.html:text/html}
}

@book{ramos1997,
	title = {Walnut production manual},
	volume = {3373},
	url = {https://books.google.com/books?hl=en&lr=&id=yKawaOt88A0C&oi=fnd&pg=PP7&dq=Walnut+production+manual&ots=bvzJNjZWKv&sig=PFaXdavMNYLWNcOoemC7g6HqFZY},
	urldate = {2016-06-07},
	publisher = {UCANR Publications},
	author = {Ramos, David E.},
	year = {1997},
	file = {Snapshot:/Users/echellwig/Library/Application Support/Zotero/Profiles/dq91q2d7.default/zotero/storage/NJM4UBWM/books.html:text/html}
}

@book{buchner2012,
	title = {Prune {Production} {Manual}},
	volume = {3507},
	url = {https://books.google.com/books?hl=en&lr=&id=ZIOk7KIgDVAC&oi=fnd&pg=PR5&dq=Prune+Production+manual&ots=NGpMiiBD5V&sig=BoUWpcBUzgvr83chqJVULCvQ-K4},
	urldate = {2016-06-07},
	publisher = {UCANR Publications},
	author = {Buchner, Richard P.},
	year = {2012},
	file = {Snapshot:/Users/echellwig/Library/Application Support/Zotero/Profiles/dq91q2d7.default/zotero/storage/QV2H2SAM/books.html:text/html}
}

@book{micke1996,
	title = {Almond production manual},
	volume = {3364},
	url = {https://books.google.com/books?hl=en&lr=&id=3dN5Yw_y8UEC&oi=fnd&pg=PP7&dq=almond+Production+manual&ots=yO6IsrQ5A2&sig=42R1d4daeUMKRy627eQspLSNGdQ},
	urldate = {2016-06-07},
	publisher = {UCANR Publications},
	author = {Micke, Warren C.},
	year = {1996},
	file = {Snapshot:/Users/echellwig/Library/Application Support/Zotero/Profiles/dq91q2d7.default/zotero/storage/VEC5DZGM/books.html:text/html}
}

@inproceedings{arnold1959,
	title = {The determination and significance of the base temperature in a linear heat unit system},
	volume = {74},
	booktitle = {Proc. {Am}. {Soc}. {Hortic}. {Sci}},
	author = {Arnold, Charles Y.},
	year = {1959},
	pages = {3}
}

@article{zhang2006,
	title = {The impact of cell division and cell enlargement on the evolution of fruit size in {Pyrus} pyrifolia},
	volume = {98},
	url = {https://aob.oxfordjournals.org/content/98/3/537.full},
	number = {3},
	urldate = {2016-06-07},
	journal = {Annals of Botany},
	author = {Zhang, Caixi and Tanabe, Kenji and Wang, Shiping and Tamura, Fumio and Yoshida, Akira and Matsumoto, Kazuhiro},
	year = {2006},
	pages = {537--543},
	file = {[HTML] from oxfordjournals.org:/Users/echellwig/Library/Application Support/Zotero/Profiles/dq91q2d7.default/zotero/storage/B5JVUJMD/537.html:text/html}
}

@article{warrington1999,
	title = {Apple fruit growth and maturity are affected by early season temperatures},
	volume = {124},
	url = {http://journal.ashspublications.org/content/124/5/468.short},
	number = {5},
	urldate = {2016-06-07},
	journal = {Journal of the American Society for Horticultural Science},
	author = {Warrington, I. J. and Fulton, T. A. and Halligan, E. A. and De Silva, H. N.},
	year = {1999},
	pages = {468--477},
	file = {[PDF] from ashspublications.org:/Users/echellwig/Library/Application Support/Zotero/Profiles/dq91q2d7.default/zotero/storage/ID3EDPRD/Warrington et al. - 1999 - Apple fruit growth and maturity are affected by ea.pdf:application/pdf;Snapshot:/Users/echellwig/Library/Application Support/Zotero/Profiles/dq91q2d7.default/zotero/storage/N5T7SJWE/468.html:text/html}
}

@article{bertin2005,
	title = {Analysis of the tomato fruit growth response to temperature and plant fruit load in relation to cell division, cell expansion and {DNA} endoreduplication},
	volume = {95},
	url = {http://aob.oxfordjournals.org/content/95/3/439.short},
	number = {3},
	urldate = {2016-06-07},
	journal = {Annals of botany},
	author = {Bertin, N.},
	year = {2005},
	pages = {439--447},
	file = {[HTML] from oxfordjournals.org:/Users/echellwig/Library/Application Support/Zotero/Profiles/dq91q2d7.default/zotero/storage/FFB7I9IN/439.html:text/html;Snapshot:/Users/echellwig/Library/Application Support/Zotero/Profiles/dq91q2d7.default/zotero/storage/A54MQ6EA/439.html:text/html}
}

@article{dejong1989,
	title = {Modeling peach fruit growth and carbohydrate requirements: reevaluation of the double-sigmoid growth pattern.},
	shorttitle = {Modeling peach fruit growth and carbohydrate requirements},
	url = {http://agris.fao.org/agris-search/search.do?recordID=US19900031779},
	urldate = {2016-06-07},
	journal = {Journal of the American Society for Horticultural Science},
	author = {DeJong, T. M. and Goudriaan, J.},
	year = {1989},
	file = {Snapshot:/Users/echellwig/Library/Application Support/Zotero/Profiles/dq91q2d7.default/zotero/storage/WU7EDZ2D/search.html:text/html}
}

@inproceedings{fisher1962,
	title = {Heat units and number of days required to mature some pome and stone fruits in various areas of {North} {America}},
	volume = {80},
	booktitle = {Proceedings of the {American} {Society} for {Horticultural} {Science}},
	author = {Fisher, D. V.},
	year = {1962},
	pages = {114--124}
}

@article{boonprakob1992,
	title = {Response of fruit development period to temperature during specific periods after full bloom in peach},
	url = {http://agris.fao.org/agris-search/search.do?recordID=US9302388},
	urldate = {2016-06-07},
	journal = {Fruit varieties journal (USA)},
	author = {Boonprakob, U. and Byrne, D. H. and Rouse, R. E.},
	year = {1992},
	file = {Snapshot:/Users/echellwig/Library/Application Support/Zotero/Profiles/dq91q2d7.default/zotero/storage/DA6TI9FB/search.html:text/html}
}

@article{lopez2007,
	title = {Spring temperatures have a major effect on early stages of peach fruit growth},
	volume = {82},
	url = {http://www.tandfonline.com/doi/abs/10.1080/14620316.2007.11512266},
	number = {4},
	urldate = {2016-06-07},
	journal = {The Journal of Horticultural Science and Biotechnology},
	author = {Lopez, G. and DeJong, T. M.},
	year = {2007},
	pages = {507--512},
	file = {[PDF] from tandfonline.com:/Users/echellwig/Library/Application Support/Zotero/Profiles/dq91q2d7.default/zotero/storage/9H8F2ARV/Lopez and DeJong - 2007 - Spring temperatures have a major effect on early s.pdf:application/pdf;Snapshot:/Users/echellwig/Library/Application Support/Zotero/Profiles/dq91q2d7.default/zotero/storage/IACTA79N/14620316.2007.html:text/html}
}

@article{fishman1987,
	title = {The temperature dependence of dormancy breaking in plants: mathematical analysis of a two-step model involving a cooperative transition},
	volume = {124},
	shorttitle = {The temperature dependence of dormancy breaking in plants},
	url = {http://www.sciencedirect.com/science/article/pii/S0022519387802217},
	number = {4},
	urldate = {2016-06-07},
	journal = {Journal of Theoretical Biology},
	author = {Fishman, Svetlana and Erez, A. and Couvillon, G. A.},
	year = {1987},
	pages = {473--483},
	file = {Snapshot:/Users/echellwig/Library/Application Support/Zotero/Profiles/dq91q2d7.default/zotero/storage/XGH38PAH/S0022519387802217.html:text/html}
}

@article{alburquerque2008,
	title = {Chilling and heat requirements of sweet cherry cultivars and the relationship between altitude and the probability of satisfying the chill requirements},
	volume = {64},
	url = {http://www.sciencedirect.com/science/article/pii/S0098847208000142},
	number = {2},
	urldate = {2016-06-07},
	journal = {Environmental and Experimental Botany},
	author = {Alburquerque, Nuria and García-Montiel, Federico and Carrillo, Antonio and Burgos, Lorenzo},
	year = {2008},
	pages = {162--170},
	file = {Snapshot:/Users/echellwig/Library/Application Support/Zotero/Profiles/dq91q2d7.default/zotero/storage/AD6XHW2J/S0098847208000142.html:text/html}
}

@article{luedeling2009,
	title = {Validation of winter chill models using historic records of walnut phenology},
	volume = {149},
	url = {http://www.sciencedirect.com/science/article/pii/S0168192309001580},
	number = {11},
	urldate = {2016-06-07},
	journal = {Agricultural and Forest Meteorology},
	author = {Luedeling, Eike and Zhang, Minghua and McGranahan, Gale and Leslie, Charles},
	year = {2009},
	pages = {1854--1864},
	file = {[PDF] from ucdavis.edu:/Users/echellwig/Library/Application Support/Zotero/Profiles/dq91q2d7.default/zotero/storage/4RXBKWJU/Luedeling et al. - 2009 - Validation of winter chill models using historic r.pdf:application/pdf;Snapshot:/Users/echellwig/Library/Application Support/Zotero/Profiles/dq91q2d7.default/zotero/storage/X6GZ2EVI/S0168192309001580.html:text/html}
}

@article{ruiz2007,
	title = {Chilling and heat requirements of apricot cultivars for flowering},
	volume = {61},
	url = {http://www.sciencedirect.com/science/article/pii/S0098847207000883},
	number = {3},
	urldate = {2016-06-07},
	journal = {Environmental and Experimental Botany},
	author = {Ruiz, David and Campoy, Jose Antonio and Egea, José},
	year = {2007},
	pages = {254--263},
	file = {Snapshot:/Users/echellwig/Library/Application Support/Zotero/Profiles/dq91q2d7.default/zotero/storage/QNTX9V94/S0098847207000883.html:text/html}
}

@inproceedings{erez1997,
	title = {The dynamic model for chilling evaluation in peach buds},
	url = {http://www.actahort.org/books/465/465_63.htm},
	urldate = {2016-06-07},
	booktitle = {{IV} {International} {Peach} {Symposium} 465},
	author = {Erez, A. and Fishman, S.},
	year = {1997},
	pages = {507--510},
	file = {Snapshot:/Users/echellwig/Library/Application Support/Zotero/Profiles/dq91q2d7.default/zotero/storage/8EV3I4SP/465_63.html:text/html}
}

@book{cressie2015,
	title = {Statistics for spatio-temporal data},
	url = {https://books.google.com/books?hl=en&lr=&id=4L_dCgAAQBAJ&oi=fnd&pg=PP1&dq=Statistics+for+spatio-temporal+data&ots=ibYYZFLg3Z&sig=wJ7Fi-0N3GGJSKNLk-JL0lFqGvU},
	urldate = {2016-06-07},
	publisher = {John Wiley \& Sons},
	author = {Cressie, Noel and Wikle, Christopher K.},
	year = {2015},
	file = {Snapshot:/Users/echellwig/Library/Application Support/Zotero/Profiles/dq91q2d7.default/zotero/storage/T72576SI/books.html:text/html}
}

@article{nash2011,
	title = {Unifying {Optimization} {Algorithms} to {Aid} {Software} {System} {Users}: optimx for {R}},
	volume = {43},
	url = {http://www.jstatsoft.org/v43/i09/},
	number = {9},
	journal = {Journal of Statistical Software},
	author = {Nash, John and Varadhan, Ravi},
	year = {2011},
	pages = {1--14}
}


@misc{cimis,
  title={CIMIS Weather Observation Data},
  author={California Department of Water Resources, University of California at Davis},
  publisher={California Irrigation Management Information System},
  howpublished={\url{http://www.cimis.water.ca.gov/}},
  year={2015}
}


@misc{noaa,
  title={Global Historical Climatology Network - Daily (GHCN-Daily), Version 3.22},
  author={Menne, MJ, I Durre, B Korzeniewski, S McNeal, K Thomas, X Yin, S Anthony, R Ray, 
RS Vose, BE Gleason, and TG Houston},
  publisher={NOAA National Climatic Data Center},
  year={2015},
  howpublished={\url{http://doi.org/10.7289/V5D21VHZ}}
}

@article{mcmaster1997,
  title={Growing degree-days: one equation, two interpretations},
  author={McMaster, Gregory S and Wilhelm, WW},
  journal={Agricultural and Forest Meteorology},
  volume={87},
  number={4},
  pages={291--300},
  year={1997},
  publisher={Elsevier}
}



