@inproceedings{arnold1959,
  title={The determination and significance of the base temperature in a linear heat unit system},
  author={Arnold, Charles Y},
  booktitle={Proc. Am. Soc. Hortic. Sci},
  volume={74},
  number={4},
  pages={3},
  year={1959}
}

@book{ramos1997,
  title={Walnut production manual},
  author={Ramos, David E},
  volume={3373},
  year={1997},
  publisher={UCANR Publications}
}


@book{micke1996,
  title={Almond production manual},
  author={Micke, Warren C},
  volume={3364},
  year={1996},
  publisher={UCANR Publications}
}


@book{buchner2012,
  title={Prune Production Manual},
  author={Buchner, Richard P},
  volume={3507},
  year={2012},
  publisher={UCANR Publications}
}


@article{anderson1986,
  title={Validation of chill unit and flower bud phenology models for 'Montmorency' sour cherry},
  author={Anderson, JL and Kesner, EA Richardson CD},
  year={1986}
}

@inproceedings{marra2001,
  title={Thermal time requirement and harvest time forecast for peach cultivars with different fruit development periods},
  author={Marra, FP and Inglese, P and DeJong, TM and Johnson, RS},
  booktitle={V International Peach Symposium 592},
  pages={523--529},
  year={2001}
}


@inproceedings{mimoun1998,
  title={Using the relation between growing degree hours and harvest date to estimate run-times for peach: a tree growth and yield simulation model},
  author={Mimoun, Ben M and DeJong, TM},
  booktitle={V International Symposium on Computer Modelling in Fruit Research and Orchard Management 499},
  pages={107--114},
  year={1998}
}

@inproceedings{day2007,
  title={Using growing degree hours accumulated thirty days after bloom to predict peach and nectarine harvest date},
  author={Day, K and Lopez, G and DeJong, T},
  booktitle={VIII International Symposium on Modelling in Fruit Research and Orchard Management 803},
  pages={163--167},
  year={2007}
}


@inproceedings{debuse2008,
  title={Using Spring Weather Data to Predict Harvest Date for'Improved French'Prune},
  author={DeBuse, C and Lopez, G and DeJong, T},
  booktitle={IX International Symposium on Plum and Prune Genetics, Breeding and Pomology 874},
  pages={107--112},
  year={2008}
}


@article{tombesi2010,
  title={Fruit development in almond is influenced by early spring temperatures in California},
  author={Tombesi, S and Scalia, R and Connell, J and Lampinen, B and DeJong, TM},
  journal={The journal of horticultural science \& biotechnology},
  volume={85},
  number={4},
  pages={317},
  year={2010}
}


@article{ruml2011,
  title={Predicting apricot phenology using meteorological data},
  author={Ruml, Mirjana and Milatovi{\'c}, Dragan and Vuli{\'c}, Todor and Vukovi{\'c}, Ana},
  journal={International journal of biometeorology},
  volume={55},
  number={5},
  pages={723--732},
  year={2011},
  publisher={Springer}
}

@article{zhang2006,
  title={The impact of cell division and cell enlargement on the evolution of fruit size in Pyrus pyrifolia},
  author={Zhang, Caixi and Tanabe, Kenji and Wang, Shiping and Tamura, Fumio and Yoshida, Akira and Matsumoto, Kazuhiro},
  journal={Annals of Botany},
  volume={98},
  number={3},
  pages={537--543},
  year={2006},
  publisher={Annals Botany Co}
}

@article{warrington1999,
  title={Apple fruit growth and maturity are affected by early season temperatures},
  author={Warrington, IJ and Fulton, TA and Halligan, EA and De Silva, HN},
  journal={Journal of the American Society for Horticultural Science},
  volume={124},
  number={5},
  pages={468--477},
  year={1999},
  publisher={American Society for Horticultural Science}
}

@article{bertin2005,
  title={Analysis of the tomato fruit growth response to temperature and plant fruit load in relation to cell division, cell expansion and DNA endoreduplication},
  author={Bertin, N},
  journal={Annals of botany},
  volume={95},
  number={3},
  pages={439--447},
  year={2005},
  publisher={Annals Botany Co}
}

@article{dejong1989,
  title={Modeling peach fruit growth and carbohydrate requirements: reevaluation of the double-sigmoid growth pattern.},
  author={DeJong, T. and Goudriaan, J},
  journal={Journal of the American Society for Horticultural Science},
  volume={114},
  number={5},
  pages={800--804},
  year={1989}
}


@inproceedings{fisher1962,
  title={Heat units and number of days required to mature some pome and stone fruits in various areas of North America},
  author={Fisher, DV},
  booktitle={Proceedings of the American Society for Horticultural Science},
  volume={80},
  pages={114--124},
  year={1962}
}


@article{boonprakob1992,
  title={Response of fruit development period to temperature during specific periods after full bloom in peach},
  author={Boonprakob, U and Byrne, DH and Rouse, RE},
  journal={Fruit varieties journal},
  volume={43},
  number={3},
  year={1992}
}

@article{lopez2007,
  title={Spring temperatures have a major effect on early stages of peach fruit growth},
  author={Lopez, G and DeJong, TM},
  journal={Journal of Horticultural Science and Biotechnology},
  volume={82},
  number={4},
  pages={507--512},
  year={2007},
  publisher={Headley Brothers Ltd.}
}

@Manual{r2018,
    title = {R: A Language and Environment for Statistical Computing},
    author = {{R Core Team}},
    organization = {R Foundation for Statistical Computing},
    address = {Vienna, Austria},
    year = {2018},
    url = {https://www.R-project.org/},
  }

@misc{cimis,
  title={CIMIS Weather Observation Data},
  author={California Department of Water Resources, University of California at Davis},
  publisher={California Irrigation Management Information System},
  howpublished={\url{http://www.cimis.water.ca.gov/}},
  year={2015}
}


@misc{noaa,
  title={Global Historical Climatology Network - Daily (GHCN-Daily), Version 3.22},
  author={Menne, MJ, I Durre, B Korzeniewski, S McNeal, K Thomas, X Yin, S Anthony, R Ray, 
RS Vose, BE Gleason, and TG Houston},
  publisher={NOAA National Climatic Data Center},
  year={2015},
  howpublished={\url{http://doi.org/10.7289/V5D21VHZ}}
}



@article{fishman1987,
  title={The temperature dependence of dormancy breaking in plants: mathematical analysis of a two-step model involving a cooperative transition},
  author={Fishman, Svetlana and Erez, A and Couvillon, GA},
  journal={Journal of Theoretical Biology},
  volume={124},
  number={4},
  pages={473--483},
  year={1987},
  publisher={Elsevier}
}

@article{alburquerque2008,
  title={Chilling and heat requirements of sweet cherry cultivars and the relationship between altitude and the probability of satisfying the chill requirements},
  author={Alburquerque, Nuria and Garc{\'\i}a-Montiel, Federico and Carrillo, Antonio and Burgos, Lorenzo},
  journal={Environmental and Experimental Botany},
  volume={64},
  number={2},
  pages={162--170},
  year={2008},
  publisher={Elsevier}
}

@article{luedeling2009,
  title={Validation of winter chill models using historic records of walnut phenology},
  author={Luedeling, Eike and Zhang, Minghua and McGranahan, Gale and Leslie, Charles},
  journal={Agricultural and Forest Meteorology},
  volume={149},
  number={11},
  pages={1854--1864},
  year={2009},
  publisher={Elsevier}
}

@article{ruiz2007,
  title={Chilling and heat requirements of apricot cultivars for flowering},
  author={Ruiz, David and Campoy, Jose Antonio and Egea, Jos{\'e}},
  journal={Environmental and Experimental Botany},
  volume={61},
  number={3},
  pages={254--263},
  year={2007},
  publisher={Elsevier}
}

@inproceedings{erez1997,
  title={The dynamic model for chilling evaluation in peach buds},
  author={Erez, A and Fishman, S},
  booktitle={IV International Peach Symposium 465},
  pages={507--510},
  year={1997}
}

@book{cressie2015,
  title={Statistics for spatio-temporal data},
  author={Cressie, Noel and Wikle, Christopher K},
  year={2015},
  publisher={John Wiley \& Sons}
}

@techreport{agstats2018,
  title={California Agricultural Statistics Review 2017-2018},
  author={Ross, K.},
  institution={National Agricultural Statistics Service, California Department of Food and Agriculture},
  year={2018},
  type={Agricultural Resource Report}}

@article{diffenbaugh2015,
  title={Anthropogenic warming has increased drought risk in California},
  author={Diffenbaugh, Noah S and Swain, Daniel L and Touma, Danielle},
  journal={Proceedings of the National Academy of Sciences},
  volume={112},
  number={13},
  pages={3931--3936},
  year={2015},
  publisher={National Acad Sciences}
}

@article{griffin2014,
  title={How unusual is the 2012--2014 California drought?},
  author={Griffin, Daniel and Anchukaitis, Kevin J},
  journal={Geophysical Research Letters},
  volume={41},
  number={24},
  pages={9017--9023},
  year={2014},
  publisher={Wiley Online Library}
}

@techreport{medellin2016,
  title={Economic analysis of the 2016 California drought on agriculture},
  author={Medell{\'\i}n-Azuara, Josu{\'e} and MacEwan, D and Howitt, RE and Sumner, DA and Lund, JR},
  institution={Center for Watershed Sciences, UC Davis},
  year={2016},
  month={August}
}

@article{pope2014,
  title={A biologically based approach to modeling spring phenology in temperate deciduous trees},
  author={Pope, KS and Da Silva, David and Brown, PH and DeJong, TM},
  journal={Agricultural and forest meteorology},
  volume={198},
  pages={15--23},
  year={2014},
  publisher={Elsevier}
}


@article{benmoussa2017,
  title={Chilling and heat requirements for local and foreign almond (Prunus dulcis Mill.) cultivars in a warm Mediterranean location based on 30 years of phenology records},
  author={Benmoussa, Ha{\"\i}fa and Ghrab, Mohamed and Mimoun, Mehdi Ben and Luedeling, Eike},
  journal={Agricultural and Forest Meteorology},
  volume={239},
  pages={34--46},
  year={2017},
  publisher={Elsevier}
}

@article{luedeling2009climatic,
  title={Climatic changes lead to declining winter chill for fruit and nut trees in California during 1950--2099},
  author={Luedeling, Eike and Zhang, Minghua and Girvetz, Evan H},
  journal={PloS one},
  volume={4},
  number={7},
  pages={e6166},
  year={2009},
  publisher={Public Library of Science}
}

@article{luedeling2012,
  title={Climate change impacts on winter chill for temperate fruit and nut production: a review},
  author={Luedeling, Eike},
  journal={Scientia Horticulturae},
  volume={144},
  pages={218--229},
  year={2012},
  publisher={Elsevier}
}


@inproceedings{weinberger1948,
  title={Influence of temperature following bloom on fruit development period of Elberta peach},
  author={Weinberger, JH},
  booktitle={Proceedings of the American Society for Horticultural Science},
  volume={51},
  number={JUN},
  pages={175--178},
  year={1948},
  organization={AMER SOC HORTICULTURAL SCIENCE 701 NORTH SAINT ASAPH STREET, ALEXANDRIA, VA~…}
}



